<record><leader>00000cas a22000007a 4500</leader><controlfield tag="001">14227659</controlfield><controlfield tag="008">860917d18731874inusr ne      0    0eng d</controlfield><datafield ind1=" " ind2=" " tag="010"><subfield code="a">sn 86058774 </subfield></datafield><datafield ind1=" " ind2=" " tag="040"><subfield code="a">NPI</subfield><subfield code="b">eng</subfield><subfield code="c">NPI</subfield><subfield code="d">OCLCQ</subfield></datafield><datafield ind1=" " ind2=" " tag="042"><subfield code="a">msc</subfield></datafield><datafield ind1="0" ind2=" " tag="130"><subfield code="a">Spy (Clark's Prairie, Ind.)</subfield></datafield><datafield ind1="1" ind2="4" tag="245"><subfield code="a">The spy.</subfield></datafield><datafield ind1=" " ind2=" " tag="260"><subfield code="a">Clark's Prairie, Ind. :</subfield><subfield code="b">J.V. Smith &amp; Co.</subfield></datafield><datafield ind1=" " ind2=" " tag="300"><subfield code="a">v.</subfield></datafield><datafield ind1=" " ind2=" " tag="310"><subfield code="a">Semimonthly</subfield></datafield><datafield ind1="1" ind2=" " tag="362"><subfield code="a">Began in Mar. 1873.</subfield></datafield><datafield ind1=" " ind2=" " tag="588"><subfield code="a">Description based on: Vol. 1, no. 2 (Apr. 1, 1873).</subfield></datafield><datafield ind1=" " ind2=" " tag="752"><subfield code="a">United States</subfield><subfield code="b">Indiana</subfield><subfield code="c">Daviess</subfield><subfield code="d">Clark's Prairie.</subfield></datafield><datafield ind1="0" ind2="0" tag="785"><subfield code="t">Clarksburg spy</subfield><subfield code="w">(DLC)sn 86058775</subfield></datafield></record>